@Article{fleischmannetalJCND2015,
  Title                    = {On the Importance of Displacement History in Soft-Body Contact Models},
  Author                   = {J. A. {Fleischmann} and R. {Serban} and D. {Negrut} and P. {Jayakumar}},
  Journal                  = {ASME Journal of Computational and Nonlinear Dynamics},
  Year                     = {2015},
  Note                     = {doi: 10.1115/1.4031197}
}

@misc{projectChronoWebSite,
  author = {\relax {Project} {\CHRONO}},
  title = {{\CHRONO}: {An Open Source Framework for the Physics-Based Simulation of Dynamic Systems}},
  howpublished = {\url{http://projectchrono.org}},
  note = {Accessed: 2016-03-07}
}

@InCollection{Chrono2016,
  Title                    = {{Chrono}: An open source multi-physics dynamics engine},
  Author                   = {Tasora, A. and Serban, R. and Mazhar, H. and Pazouki, A. and Melanz, D. and Fleischmann, J. and Taylor, M. and Sugiyama, H. and Negrut, D.},
  Booktitle                = {{High Performance Computing in Science and Engineering -- Lecture Notes in Computer Science}},
  Publisher                = {Springer},
  Year                     = {2016},
  Editor                   = {Kozubek, T.},
  Pages                    = {19--49}
}

@TECHREPORT{TR2016-10RaduChronoVehicle,
	title={{{\CHRONO}::Vehicle -- Template-Based Ground Vehicle Modeling and Simulation}},
	author={Serban, R. and Negrut, D.},
  number = {TR-2016-10: \url{http://sbel.wisc.edu/documents/TR-2016-10.pdf}},
  institution = {Simulation-Based Engineering Laboratory, University of Wisconsin-Madison},
	year = {2016}
}
